% @article{blob_anim2010,
% 	url = {https://w3.pppl.gov/~szweben/NSTX%20Blob%20Library/NSTXblobs.html},
% 	year = 2010,
% 	author = {Stewart J. Zweben},
% 	title = {NSTX GPI Library (2010 data)},
% }

@misc{zweben,
	url={https://w3.pppl.gov/~szweben/NSTX Blob Library/NSTXblobs.html},
	title={NSTX GPI Library (2010 data)},
	author={Zweben, Stewart}
}
